<?xml version="1.0" encoding="UTF-8"?><record xmlns="http://www.loc.gov/MARC21/slim" xmlns:cinclude="http://apache.org/cocoon/include/1.0" xmlns:zs="http://www.loc.gov/zing/srw/">
  <leader>00418cz  a2200133n  4500</leader>
  <controlfield tag="001">n  85221182 </controlfield>
  <controlfield tag="003">DLC</controlfield>
  <controlfield tag="005">20080501075055.0</controlfield>
  <controlfield tag="008">860331n| acannaabn          |n aaa     c</controlfield>
  <datafield tag="010" ind1=" " ind2=" ">
    <subfield code="a">n  85221182 </subfield>
  </datafield>
  <datafield tag="035" ind1=" " ind2=" ">
    <subfield code="a">(OCoLC)oca01595173</subfield>
  </datafield>
  <datafield tag="040" ind1=" " ind2=" ">
    <subfield code="a">MoSU-L</subfield>
    <subfield code="b">eng</subfield>
    <subfield code="c">DLC</subfield>
    <subfield code="d">OCoLC</subfield>
  </datafield>
  <datafield tag="100" ind1="1" ind2=" ">
    <subfield code="a">Parker, William Thornton,</subfield>
    <subfield code="d">1876-1900</subfield>
  </datafield>
  <datafield tag="670" ind1=" " ind2=" ">
    <subfield code="a">In sacred memory of William Thornton Parker, Jr., B.S., 1900?:</subfield>
    <subfield code="b">t.p. (b. 1-3-1876; d. 6-7-1900)</subfield>
  </datafield>
</record>